@article{shamir1984,
  title={{A polynomial-time algorithm for breaking the basic Merkle-Hellman cryptosystem}},
  author={Shamir, Adi},
  journal={IEEE transactions on information theory},
  volume={30},
  number={5},
  pages={699--704},
  year={1984},
  publisher={IEEE}
}

@article{merkle1978,
  title={{Hiding information and signatures in trapdoor knapsacks}},
  author={Merkle, Ralph and Hellman, Martin},
  journal={IEEE transactions on Information Theory},
  volume={24},
  number={5},
  pages={525--530},
  year={1978},
  publisher={IEEE}
}

@article{weisstein2010lattice,
	title={Lattice Reduction},
	author={Weisstein, Eric W},
	year={2010},
	publisher={Wolfram Research, Inc.}
}

@online{stamplattice,
	title={Lattice Reduction Attack on the Knapsack},
	author={Stamp, Mark},
	url={https://www.google.es/url?sa=t&rct=j&q=&esrc=s&source=web&cd=5&ved=0ahUKEwjgwdPw65fUAhUFlxoKHXisALEQFghDMAQ&url=http%3A%2F%2Fwww.cs.sjsu.edu%2Ffaculty%2Fstamp%2Fpapers%2Ftopics%2Ftopic16%2FKnapsack.pdf&usg=AFQjCNFG06f_izZ75zVqNzCKwuHyHuefng&sig2=lU4zEBbiHMaHF32UJ_Y-Lw&cad=rja}
}